@article{barnett2018,
  title = {{A Parallel Non-Uniform Fast Fourier Transform
    Library Based on an "Exponential of Semicircle" Kernel}},
  year = 2018,
  author = {A. Barnett and J. Magland and L. af Klinteberg},
  note = {arXiv:1808.06736 [math.NA]}
}  




@article{askham2017,
  title = {{An adaptive fast multipole accelerated Poisson solver
    for complex geometries}},
  author = {T. Askham and A. J. Cerfon},
  journal = {J. Comput. Phys.},
  year = 2017,
  volume = 344,
  pages = {1--22}
  }




@article{bertalmio2001,
  title = {{Variational Problems and Partial Differential Equations
     on Implicit Surfaces}},
  author = {M. Bertalm\'io and L.-T. Cheng and S. Osher and G. Sapiro},
  year = 2001,
  journal = {J. Comput. Phys.},
  volume = 174,
  issue = 2,
  pages = {759--780}
  }




@article{greer2006,
  title = {Fourth order partial differential equations on general
     geometries},
  author = {J. B. Greer and A. L. Bertozzi and G. Sapiro},
  year = 2006,
  journal = {J. Comput. Phys.},
  volume = 216,
  pages = {216--246}
  }




@article{ruuth2008,
  title = {A simple embedding method for solving partial differential equations
     on surfaces},
  author = {S. J. Ruuth and B. Merriman},
  year = 2008,
  journal = {J. Comput. Phys.},
  volume = 227,
  pages = {1943--1961}
  }




@article{chen2015,
  title = {{The Closest Point Method and Multigrid Solvers for
    Elliptic Equations on Surfaces}},
  author = {Y. Chen and C. B. Macdonald},
  year = 2015,
  journal = {SIAM J. Sci. Comput.},
  volume = 37,
  issue = 1,
  pages = {A134--A155}
  }


@article{macdonald2009,
  title = {{The Implicit Closest Point Method for the Numerical
     Solution of Partial Differential Equations on Surfaces}},
  author = {C. B. Macdonald and S. J. Ruuth},
  year = 2009,
  journal = {SIAM J. Sci. Comput.},
  volume = 31,
  issue = 6,
  pages = {4330--4350}
  }





@article{macdonald2008,
  title = {{Level Set Equations on Surfaces via the Closest Point
    Method}},
  author = {C. B. Macdonald and S. J. Ruuth},
  year = 2008,
  journal = {J. Sci. Comput.},
  volume = 35,
  pages = {219--240}
  }







@book{trefethen_spectral_book,  author = {L. N. Trefethen},
  title = {Spectral methods in {MATLAB}},
  year = 2000,
  publisher = {SIAM},
  address = {Philadelphia, PA}
  }




@article{sidi1988,
  author = {A. Sidi and M. Israeli},
  title = {{Quadrature methods for Periodic Singular and Weakly Singular
      Fredholm Integral Equations}},
  journal = {J. Sci. Comput.},
  year = 1988,
  volume = 3,
  number = 2,
  pages = {201--231}
  }



@article{oneil2017,
  title = {{Second-kind integral equations for the Laplace-Beltrami
      problem on surfaces in three dimensions}},
  author = {M. O'Neil},
  year = 2017,
  note = {arXiv:1705.00069 [math.NA]}
  }



@book{gil_2007,
  title = {{Numerical Methods for Special Functions}},
  author = {A. Gil and J. Segura and N. M. Temme},
  year = 2007,
  publisher = {SIAM},
  address = {Philadelphia, PA}
  }




@article{cohl_1999,
  title = {A compact cylindrical {G}reen's function expansion for the
      solution of potential problems},
  author = {H. S. Cohl and J. E. Tohline},
  journal = {Astrophys. J.},
  year = 1999,
  pages = {86--101},
  volume = 527,
  number = 1
  }




@article{gustafsson2010accurate,
  title={Accurate and efficient evaluation of modal Green's functions},
  author={Gustafsson, Mats},
  journal={J. Electromagnet. Wave.},
  volume={24},
  number={10},
  pages={1291--1301},
  year={2010},
  publisher={Taylor \& Francis}
}





@article{fairweather1998method,
  title={The method of fundamental solutions for elliptic boundary value problems},
  author={Fairweather, Graeme and Karageorghis, Andreas},
  journal={Advances in Computational Mathematics},
  volume={9},
  number={1-2},
  pages={69},
  year={1998},
  publisher={Springer}
}




@article{barnett2008stability,
  title={Stability and convergence of the method of fundamental solutions for Helmholtz problems on analytic domains},
  author={Barnett, Alex H and Betcke, Timo},
  journal={Journal of Computational Physics},
  volume={227},
  number={14},
  pages={7003--7026},
  year={2008},
  publisher={Elsevier}
}



@article{liu2016efficient,
  title={Efficient numerical solution of acoustic scattering from doubly-periodic arrays of axisymmetric objects},
  author={Liu, Yuxiang and Barnett, Alex H},
  journal={Journal of Computational Physics},
  volume={324},
  pages={226--245},
  year={2016},
  publisher={Elsevier}
}




@article{helsing2015determination,
  title={Determination of normalized magnetic eigenfields in microwave cavities},
  author={Helsing, Johan and Karlsson, Anders},
  journal={IEEE Transactions on Microwave Theory and Techniques},
  volume={63},
  number={5},
  pages={1457--1467},
  year={2015},
  publisher={IEEE}
}




@article{gedney1990use,
  title={The use of the {FFT} for the efficient solution of the problem of electromagnetic scattering by a body of revolution},
  author={Gedney, Stephen D and Mittra, Raj},
  journal={IEEE Trans. Antennas Propag.},
  volume={38},
  number={3},
  pages={313--322},
  year={1990},
  publisher={IEEE}
}




@article{mautz1979electromagnetic,
  title={Electromagnetic scattering from a homogeneous material body of revolution},
  author={Mautz, Joseph R and Harrington, Roger F},
  journal={Archiv Elektronik und Uebertragungstechnik},
  volume={33},
  pages={71--80},
  year={1979}
}



@article{ambikasaran_2016_lippman,
  author = {S. Ambikasaran and C. Borges and L.-M. Imbert-Gerard
     and L. Greengard},
  title = {Fast, adaptive, high order accurate discretization of
      the {L}ippmann-{S}chwinger equation in two dimensions},
  year = 2016,
  pages = {A1770--A1787},
  volume = 38,
  issue = 3,
  journal = {SIAM J. Sci. Comput.}
  }




@article{monk1992finite,
  title={A finite element method for approximating the time-harmonic
     {M}axwell equations},
  author={Monk, Peter},
  journal={Numerische Mathematik},
  volume={63},
  number={1},
  pages={243--261},
  year={1992},
  publisher={Springer}
}



@article{kirsch1995finite,
  title={A finite element/spectral method for approximating
      the time-harmonic {M}axwell system in ${R}^3$},
  author={Kirsch, Andreas and Monk, Peter},
  journal={SIAM Journal on Applied Mathematics},
  volume={55},
  number={5},
  pages={1324--1344},
  year={1995},
  publisher={SIAM}
}



@article{yee_1966,
  title = {Numerical solution of initial boundary value problems
      involving maxwell's equations in isotropic media},
  journal = {IEEE Trans. Antennas Propag.},
  year = 1966,
  pages = {302--307},
  volume = 14,
  author = {K. Yee}
  }



@article{youssef1989,
  title = {Radar cross section of complex targets},
  author = {N. N. Youssef},
  year = 1989,
  pages = {722--734},
  volume = 77,
  issue = 5,
  journal = {Proc. IEEE}
  }




@article{vico2017,
  title = {Decoupled field integral equations for electromagnetic
      scattering from homogeneous penetrable obstacles},
  year = 2017,
  author = {F. Vico and L. Greengard and M. Ferrando},
  note = {arXiv:1704.06741 [math-ph]}
  }




@article{nayyeri2013,
  title = {{Modeling Graphene in the Finite-Difference Time-Domain
     Method Using a Surface Boundary Condition}},
  author = {V. Nayyeri and M. Soleimani and O. M. Ramahi},
  journal = {IEEE. Trans. Ant. Propag.},
  year = 2013,
  pages = {4176--4182},
  volume = 61
}


@article{minden-2016,
  author = {V. Minden and A. Damle and K. L. Ho and L. Ying},
  title = {A technique for updating hierarchical factorizations
         of integral operators},
  journal = {Multiscale Model. Simul.},
  volume = 14,
  pages = {42--64},
  year = 2016
  }




@article{lalau-keraly2013,
  title = {Adjoint shape optimization applied to electromagnetic design},
  author = {C. M. Lalau-Keraly and S. Bhargava and O. D. Miller
     and E. Yablonovitch},
  year = 2013,
  pages = {21693--21701},
  volume = 21,
  journal = {Opt. Express}
  }



@book{hoppe_1995,
  title = {{Impedance Boundary Conditions in Electromagnetics}},
  author = {D. J. Hoppe},
  publisher = {CRC Press, Taylor \& Francis},
  year = 1995,
  addrss = {Washington, DC}
  }




@article{ganapati_2014,
  title = {Light trapping textures designed by electromagnetic
      optimization for subwavelength thick solar cells},
  author = {V. Ganapati and O. D. Miller and E. Yablonovitch},
  journal = {IEEE J. Photovoltaics},
  volume = 4,
  pages = {175--182},
  year = 2014
  }





@article{schurig_2006,
  title = {{Metamaterial Electromagnetic Cloak at Microwave Frequencies}},
  author = {D. Schurig and J. J. Mock and B. J. Justice and S. A. Cummer
     and J. B. Pendry and A. F. Starr and D. R. Smith},
  journal = {Science},
  year = 2006,
  pages = {977--980},
  volume = 314
  }



@article{ghosh_2007,
  title = {Interparticle Coupling Effect on the Surface
     Plasmon Resonance of Gold Nanoparticles:â€‰ From Theory to Applications},
  author = {S. K. Ghosh and T. Pal},
  year = 2007,
  journal = {Chem. Rev.},
  volume = 107,
  pages = {4797--4862}
  }




@article{candes_2006,
  title = {{Robust uncertainty principles: Exact signal
      reconstruction from highly incomplete frequency information}},
  journal = {IEEE Trans. Inf. Theory},
  year = 2006,
  author = {E. J. Cand\`es and J. Romberg and T. Tao},
  volume = 52,
  pages = {489--509}
  }



@article{donoho_2006,
  title = {{Compressed Sensing}},
  journal = {IEEE Trans. Inf. Theory},
  year = 2006,
  author = {D. Donoho},
  volume = 52,
  pages = {1289--1306}
  }




@article{halko_2011,
  title = {{Finding Structure with Randomness: Probabilistic Algorithms
      for Constructing Approximate Matrix Decompositions}},
  author = {N. Halko and P.-G. Martinsson and J. A. Tropp},
  journal = {SIAM Rev.},
  volume = 53,
  pages = {217--288},
  year = 2011
  }
  



@article{demanet_2010,
  title = {A butterfly algorithm for synthetic aperture radar imaging},
  journal = {SIAM J. Imaging Sci.},
  volume = 5,
  year = 2010,
  author = {L. Demanet and M. Ferrara and N. Maxwell and J. Poulson
     and L. Ying},
  pages = {203--243}
  }



@misc{wiki:ic,
  author = {Wikipedia},
  title = {Integrated circuit},
  year = 2017,
  month = {July},
  url = {https://en.wikipedia.org/wiki/Integrated_circuit},
  urldate = {2017-07-02}
  }



@article{greengard2014_triple,
  author = {L. Greengard and K. L. Ho and J.-Y. Lee},
  title = {A fast direct solver for scattering from periodic
     structures with multiple interfaces in two dimensions},
  journal = {J. Comput. Phys.},
  year = 2014,
  pages = {738--751},
  volume = 258
  }



@misc{wiki:litho,
   author = {Wikipedia},
   title = {Photolithography},
   year = 2017,
   month = {May},
   url = {https://en.wikipedia.org/wiki/Photolithography},
   urldate = {2017-06-22}
 }





@misc{wiki:cvd,
   author = {Wikipedia},
   title = {Chemical vapor deposition},
   year = 2017,
   month = {May},
   url = {https://en.wikipedia.org/wiki/Chemical_vapor_deposition},
   urldate = {2017-06-22}
 }




@article{lai2017_cavity,
  author = {J. Lai and L. Greengard and M. O'Neil},
  journal = {J. Comput. Phys.},
  title = {Robust integral formulations for electromagnetic
      scattering from three-dimensional cavities},
  year = 2017,
  note = {To appear.}
  }




@article{lai_2017,
  author = {J. Lai and L. Greengard and M. O'Neil},
  journal = {Appl. Comput. Harm. Anal.},
  title = {A new hybrid integral representation for frequency domain
       scattering in layered media},
  year = 2017,
  note = {To appear.}
  }



  
@article{oneil_2014,
  author = {M. O'Neil},
  journal = {J. Math. Phys.},
  title = {A generalized Debye source approach to electromagnetic
                  scattering in layered media},
  year = 2014,
  pages = 012901,
  volume = 55
  }






@misc{autodesk_fusion,
  author = {Autodesk},
  title = {Fusion 360},
howpublished = {\url{http://www.autodesk.com/products/fusion-360}},
year = {2017}
}



@inproceedings{koornwinder_1975,
  title={Two-variable analogues of the classical orthogonal polynomials},
  author={Koornwinder, Tom},
  booktitle={Theory and application of special functions (Proc. Advanced Sem., Math. Res. Center, Univ. Wisconsin, Madison, Wis., 1975)},
  pages={435--495},
  year={1975},
  organization={Academic Press New York}
}




@book{docarmo_1976,
  title ={{Differential Geometry of Curves and Surfaces}},
  author = {M. P. Do Carmo},
  year = 1976,
  publisher = {Prentice-Hall},
  address = {Englewood Cliffs, NJ}
  }




@article{kress_1978,
  author = {R. Kress and G. Roach},
  year = 1978,
  title = {Transmission problems for the {H}elmholtz equation},
  journal = {J. Math. Phys.},
  volume = 19,
  pages ={1433--1437}
  }



@article{rokhlin_1983,
  title = {Solution of acoustic scattering problems by means of
      second kind integral equations},
  author = {V. Rokhlin},
  year = 1983,
  journal = {Wave Motion},
  pages = {257--272},
  volume = 5,
  issue = 3
  }




@Inbook{bonito_2013,
author="Bonito, Andrea
and Casc{\'o}n, J. Manuel
and Morin, Pedro
and Nochetto, Ricardo H.",
title="AFEM for Geometric PDE: The Laplace-Beltrami Operator",
bookTitle="Analysis and Numerics of Partial Differential Equations",
year="2013",
publisher="Springer Milan",
address="Milano",
pages="257--306",
isbn="978-88-470-2592-9",
doi="10.1007/978-88-470-2592-9_15",
url="http://dx.doi.org/10.1007/978-88-470-2592-9_15"
}




@book{folland_1995,
  title = {{Introduction to Partial Differential Equations}},
  author = {G. B. Folland},
  year = 1995,
  publisher = {Princeton University Press},
  address = {Princeon, NJ}
  }




@article{kropinski_2016_integral,
  title={{Integral equation methods for the Yukawa-Beltrami
      equation on the sphere}},
  author={Kropinski, M. C. A. and Nigam, N and Quaife, B},
  journal={Advances in Computational Mathematics},
  volume={42},
  number={2},
  pages={469--488},
  year={2016},
  publisher={Springer US}
}



@book{kress_2014,
  title = {{Linear Integral Equations}},
  author = {R. Kress},
  publisher = {Springer},
  year = 2014,
  address = {New York, NY}
  }




@article{kropinski_2014_fast,
  title={{Fast integral equation methods for the Laplace-Beltrami
      equation on the sphere}},
  author={Kropinski, Mary Catherine A and Nigam, Nilima},
  journal={Adv. Comput. Math.},
  volume={40},
  number={2},
  pages={577--596},
  year={2014},
  publisher={Springer US}
}




@article{frittelli_2016,
  author = {M. Frittelli and I. Sgura},
  title = {{Virtual Element Method for the Laplace-Beltrami equation
      on surfaces}},
  year = 2016,
  note = {arXiv:1612.02369 [math.NA]}
  }




@article{dziuk_2013,
  author = {G. Dziuk and C. M. Elliott},
  title = {Finite element methods for surface {PDE}s},
  journal = {Acta Numerica},
  pages = {289--396},
  year = 2013,
  volume = 22
  }



@article{demlow_2007,
  title = {{An Adaptive Finite Element Method for the Laplace-Beltrami
      Operator on Implicitly Defined Surfaces}},
  author = {A. Demlow and G. Dziuk},
  pages = {421--442},
  year = 2007,
  journal = {SIAM J. Numer. Anal.},
  volume = 45,
  issue = 1
  }




@article{dai_2014,
  title = {{Differential-Forms-Motivated Discretizations of
     Electromagnetic Differential and Integral Equations}},
  author = {Q. I. Dai and W. C. Chew and L. J. Jiang and Y. Wu},
  journal = {IEEE Ant. Wire. Propag. Lett.},
  volume = 13,
  year = 2014,
  pages = {1223--1226}
  }




@article{belkin_2006,
  author = {M. Belkin and P. Niyogi and V. Sindhwani},
  title = {{Manifold Regularization: A Geometric Framework for Learning
      from Labeled and Unlabeled Examples}},
  year = 2006,
  pages = {2399--2434},
  journal = {J. Mach. Learn. Res.},
  volume = 7
  }




@inproceedings{weiss_2009,
  title={Spectral hashing},
  author={Weiss, Yair and Torralba, Antonio and Fergus, Rob},
  booktitle={Advances in neural information processing systems},
  pages={1753--1760},
  year={2009}
}




@article{chao_2010,
  title = {{A Simple Geometric Model for Elastic Deformations}},
  author = {I. Chao and U. Pinkall and P. Sanan and
     P. Schr\"oder},
  journal = {ACM Trans. Graph.},
  volume = 29,
  issue = 4,
  year = 2010
  }




@article{reuter_2010,
  title = {{Hierarchical Shape Segmentation and Registration via
     Topological Features of Laplace-Beltrami Eigenfunctions}},
  author = {M. Reuter},
  pages = {287--308},
  journal = {Int. J. Comput. Vision},
  year = 2010,
  volume = 89,
  issue = 2
  }
  




@article{mckean_1967,
  title = {Curvature and the eigenvalues of the {L}aplacian},
  author = {H. P. McKean and I. M. Singer},
  year = 1967,
  journal = {J. Diff. Geom.},
  volume = 1,
  pages = {43--69}
  }




@article{veerapaneni_2011,
  title = {A fast algorithm for simulating vesicle flows in three
      dimensions},
  author = {S. K. Veerapaneni and A. Rahimian and G. Biros and D. Zorin},
  journal = {J. Comput. Phys.},
  year = 2011,
  pages = {5610--5634},
  volume = 230
  }



@book{sokolowski_1992,
  title = {Introduction to {S}hape {O}ptimization},
  author = {J. Sokolowski and J.-P. Zolesio},
  publisher = {Springer},
  address = {New York, NY},
  year = 1992
  }




@article{schwartz_2005,
  author = {P. Schwartz and D. Adalsteinsson and P. Colella and
     A. P. Arkin and M. Onsum},
  title = {Numerical computation of diffusion on a surface},
  journal = {Proc. Nat. Acad. Sci.},
  volume = 102,
  pages = {11151--11156},
  year = 2005
  }





@article{darbas_2013,
  title = {{Combining analytic preconditioner and Fast
     Multipole Method for the 3-D Helmholtz equation}},
  author = {M. Darbas and E. Darrigrand and Y. Lafranche},
  year = 2013,
  volume = 236,
  pages = {289--316},
  journal = {J. Comput. Phys.}
  }



@article{bruno_2012,
  title = {Regularized integral equations and fast high-order
     solvers for sound-hard acoustic scattering problems},
  author = {O. Bruno and T. Elling and C. Turc},
  year = 2012,
  journal = {Int. J. Num. Meth. Engin.},
  volume = 91,
  pages = {1045--1072}
  }
  



@book{atkinson_1997,
  title = {{The Numerical Solution of Integral
      Equations of the Second Kind}},
  author = {K. E. Atkinson},
  year = 1997,
  publisher = {Cambridge University Press},
  address = {New York, NY}
  }
  




@article{seljebotn_2012,
  title = {Wavemoth -- Fast spherical harmonic transforms by butterfly
      matrix compression},
  author = {D. S. Seljebotn},
  year = 2012,
  volume = 199,
  journal = {ApJS}
  }



@article{borm_2016,
  title = {Approximation of the high-frequency Helmholtz kernel by
     nested directional interpolation},
  author = {S. B\"orm and J. M. Melenk},
  year = 2016,
  note = {arXiv:1510.07189}
  }



@article{borm_2015,
  title = {Directional ${H}^2$-matrix compression for high-frequency
     problems},
  author = {S. B\"orm},
  year = 2015,
  note = {arXiv:1510.07087}
  }



@article{li-2015b,
  title = {A multiscale butterfly algorithm for multidimensional
     {F}ourier integral operators},
  author = {Y. Li and H. Yang and L. Ying},
  year = 2015,
  pages = {614--631},
  journal = {Multiscale Model. Simul.},
  volume = 13
  }



@article{engquist_2007,
  title = {Fast directional multilevel algorithms for oscillatory kernels},
  author = {B. Engquist and L. Ying},
  journal = {SIAM J. Sci. Comput.},
  year = 2007,
  pages = {1710--1737},
  volume = 29
}



@article{engquist_2009,
  title = {A fast directional algorithm for high frequency
      acoustic scattering in two dimensions},
  author = {B. Engquist and L. Ying},
  journal = {Commun. Math. Sci.},
  year = 2009,
  pages = {327--345},
  volume = 7
}



@article{darve2004fast,
  title={{A fast multipole method for Maxwell equations stable
     at all frequencies}},
  author={Darve, Eric and Hav{\'e}, Pascal},
  journal={Philosophical Transactions of the Royal Society of London A: Mathematical, Physical and Engineering Sciences},
  volume={362},
  number={1816},
  pages={603--628},
  year={2004},
  publisher={The Royal Society}
}



@article{ambikasaran_2016,
  title = {{Fast Direct Methods for Gaussian Processes}},
  author = {S. Ambikasaran and D. Foreman-Mackey and L. Greengard
      and D. W. Hogg and M. O'Neil},
  journal = {IEEE Trans. Pattern Anal. Mach. Intell.},
  volume = {38},
  pages = {252--265},
  year = 2016
  }



@article{martinsson_2016,
  title = {{Compressing Rank-Structured Matrices via Randomized Sampling}},
  author = {P.-G. Martinsson},
  year = 2016,
  journal = {SIAM J. Sci. Comput.},
  volume = 38,
  pages = {A1959--A1986}
  }



@article{ambikasaran2013n,
  title={An {O(N log N)} Fast Direct Solver for Partial Hierarchically Semi-Separable Matrices},
  author={Ambikasaran, Sivaram and Darve, Eric},
  journal={Journal of Scientific Computing},
  volume={57},
  number={3},
  pages={477--501},
  year={2013},
  publisher={Springer US}
}



@article{lee1997fast,
  title={A fast adaptive numerical method for stiff two-point boundary value problems},
  author={Lee, June-Yub and Greengard, Leslie},
  journal={SIAM Journal on Scientific Computing},
  volume={18},
  number={2},
  pages={403--429},
  year={1997},
  publisher={SIAM}
}







@article{sleijpen_1993,
  title={{BiCGstab(L)} for linear equations involving
     unsymmetric matrices with complex spectrum},
  author={Sleijpen, Gerard LG and Fokkema, Diederik R},
  journal={Elec. Trans. Num. Anal.},
  volume={1},
  number={11},
  pages={2000},
  year={1993}
}



@book{vanloan_1992,
  author = {C. Van Loan},
  title = {{Computational Frameworks for the Fast Fourier Transform}},
  year = 1992,
  publisher = {SIAM},
  address = {Philadephia, PA}
  }



@book{briggs_1995,
  author = {W. L. Briggs and V. E. Henson},
  title = {{The DFT: An Owner's Manual for the Discrete
      Fourier Transform}},
  year = 1995,
  publisher = {SIAM},
  address = {Philadelphia, PA}
  }




@article{rokhlin_1993,
  author = {V. Rokhlin},
  title = {{Diagonal Forms of Translation Operators for the Helmholtz
                  Equation in Three Dimensions}},
  journal = {Appl. Comput. Harm. Anal.},
  volume = 1,
  year = 1993,
  pages = {82--93},
  doi = {10.1006/acha.1993.1006}
  }





@article{lalau_2013,
  title = {Adjoint shape optimization applied to
     electromagnetic design},
  journal = {Optics Express},
  year = 2013,
  author = {C. M. Lalau-Keraly and S. Bhargava and O. D. Miller and
   E. Yablonovitch},
  url = {http://doi.org/10.1364/OE.21.021693},
  volume = 21
  }

@article{borges_2015,
  title = {{Inverse Obstacle Scattering in Two Dimensions with
  Multiple Frequency Data and Multiple Angles of Incidence}},
  author = {C. Borges and L. Greengard},
  year = 2015,
  journal = {SIAM J. Imaging Sci.},
  pages = {280--298},
  volume = 8,
  url = {http://epubs.siam.org/doi/abs/10.1137/140982787}
}


@article{capasso_2016,
  title = {Metalenses at visible wavelengths:
  {D}iffraction-limited focusing and subwavelength resolution imaging},
  url = {http://doi.org/10.1126/science.aaf6644},
  author = {M. Khorasaninejad and W. T. Chen and R. C. Devlin
     and J. Oh and A. Y. Zhu and F. Capasso},
  year = 2016,
  volume = 352,
  pages = {1190--1194},
  journal = {Science}
  }




@article{silveirinha_2007,
  title = {Metamaterial homogenization approach with application
      to the characterization of microstructured composites
      with negative parameters},
  author = {M. G. Silveirinha},
  year = 2007,
  pages = 115104,
  volume = 75,
  journal = {Phys. Rev. B},
  url = {https://doi.org/10.1103/PhysRevB.75.115104}
  }



@article{bruno_2009a,
  author = {O. P. Bruno and M. C. Haslam},
  title = {Efficient high-order evaluation of scattering by
     periodic surfaces: deep gratings, high frequencies, and
     glancing incidences},
  journal = {J. Opt. Soc. Am. A},
  volume = 26,
  pages = {658--668},
  year = 2009,
  url = {https://doi.org/10.1364/JOSAA.26.000658}
}



@article{lai_2015,
  author = {J. Lai and M. Kobayashi and A. Barnett},
  title = {A fast and robust solver for the scattering from a layered
     periodic structure containing multi-particle inclusions},
  year = 2015,
  pages = {194--208},
  volume = 298,
  journal = {J. Comput. Phys.},
  url = {http://dx.doi.org/10.1016/j.jcp.2015.06.005}
}





@article{byrnes_2016,
  author = {S. J. Byrnes and A. Lenef and F. Aieta and
    F. Capasso},
  title = {Designing large, high-efficiency,
     high-numerical-aperture, transmissive meta-lenses for
       visible light},
  year = 2016,
  url = {https://doi.org/10.1364/OE.24.005110},
  journal = {Optics Express},
  volume = 24,
  pages = {5110--5124}
  }


@article{roy_2013,
  author = {T. Roy and E. T. F. Rogers and N. I. Zheludev},
  title = {Sub-wavelength focusing meta-lens},
  year = 2013,
  journal = {Optics Express},
  url = {https://doi.org/10.1364/OE.21.007577},
  volume = 21,
  pages = {7577--7582}
  }


@article{minden_2016,
  author = {V. Minden and K.~L. Ho and A. Damle and L. Ying},
  title = {A recursive skeletonization factorization based on
       strong admissibility},
  year = 2016,
  note = {arXiv:1609.08130 [math.NA]}
  }




@article{guo_2016,
  author = {H. Guo and Y. Liu and J. Hu and E. Michielssen},
  title = {{A Butterfly-Based Direct Integral Equation Solver
     Using Hierarchical LU Factorization for Analyzing Scattering
       from Electrically Large Conducting Objects}},
  year = {2016},
  note = {arXiv:1610.00042 [math.NA]}
  }
  




@article{liu_2016,
  author = {Y. Liu and H. Guo and E. Michielssen},
  title = {{A HSS Matrix-Inspired Butterfly-Based Direct Solver
      for Analyzing Scattering from Two-dimensional Objects}},
  year = {2016},
  note = {arXiv:1608.01235 [math.NA]}
  }
  





@article{hansbo_2016,
  author = {P. Hansbo and M.-G. Larson and K. Larsson},
  title = {Analysis of Finite Element Methods for Vector
      Laplacians on Surfaces},
  year = 2016,
  note = {arXiv:1610.06747 [math.NA]}
  }
  



@misc{freecad,
  title= {{FreeCAD}, v. 0.14},
  note = {\url{http://www.freecadweb.org/}}
  }



@misc{openmp,
  key   = {OpenMP},
  title = {{OpenMP} {API} for parallel programming, version 2.0},
  note  = {\url{http://openmp.org/wp/}},
}




@BOOK{lapack,
      AUTHOR = {Anderson, E. and Bai, Z. and Bischof, C. and
                Blackford, S. and Demmel, J. and Dongarra, J. and
                Du Croz, J. and Greenbaum, A. and Hammarling, S. and
                McKenney, A. and Sorensen, D.},
      TITLE = {{LAPACK} Users' Guide},
      EDITION = {Third},
      PUBLISHER = {Society for Industrial and Applied Mathematics},
      YEAR = {1999},
      ADDRESS = {Philadelphia, PA},
      ISBN = {0-89871-447-8 (paperback)} }



@article{imbertgerard_2017,
  author = {L.-M. Imbert-Gerard and L. Greengard},
  title = {{Pseudo-Spectral Methods for the {L}aplace-{B}eltrami equation
                  and the Hodge decomposition on Surfaces of Genus
                 One}},
  year = 2017,
  journal = {Numer. Methods Partial. Differ. Equ.},
  volume = 33,
  number = 3,
  pages = {941--955}
  }





@book{ahlfors_79,
  author="Lars Ahlfors",
  title="Complex {A}nalysis",
  year="1979",
  publisher="McGraw-Hill",
  address="New York, New York"
}





@article{alpert,
  author="Bradley Alpert",
  title="Hybrid {G}auss-trapezoidal quadrature rules",
  journal="{SIAM} {J}. {S}ci. {C}omput.",
  volume="20",
  number="5",
  year="1999",
  pages="1551--1584"
}

@article{ambikasaran-2015,
  author = {S. Ambikasaran and E. Darve},
  title = {{The Inverse Fast Multipole Method}},
  note = {arXiv:1407.1572 [math.NA]},
  year = 2015
  }

@article{anselone_1964,
  title = {Approximate solution of integral and operator equations},
  author = {P.~M.~Anselone and R. Moore},
  year = 1964,
  journal = {J.~Math. Anal. Appl.},
  volume = 9,
  pages = {268--277}
}

@book{anselone_1971,
  title = {{Collectively Comact Operator Approximation Theory
    and Applications to Integral Equations}},
  publisher = {Prentice-Hall},
  year = 1971,
  address = {Englewood Cliffs, New Jersey},
  author = {P.~M.~Anselone}
}

@article{askham,
  author = {T. Askham and L. Greengard},
  title = {{Norm-Preserving Discretization of Integral Equations for
    Elliptic PDEs with Internal Layers I: The One-Dimensional Case}},
  journal = {SIAM Rev.},
  volume = 56,
  year = 2014,
  pages = {625--641}
}

@article{attenborough,
  author="K. Attenborough",
  title="Acoustical impedance models for outdoor ground surfaces",
  journal="J. {S}ound {V}ib.",
  volume="99",
  number="4",
  year="1985",
  pages="521--544"
}

@article{bao-2004,
  author = {G. Bao and P. Li},
  title = {{Inverse medium scattering for three-dimensional
      time harmonic Maxwell equations}},
  volume = 20,
  year = 2004,
  journal = {Inverse Problems}
}

@article{bao-2005,
  author = {G. Bao and P. Li},
  title = {Inverse medium scattering problems for electromagnetic waves},
  journal = {SIAM J. Appl. Math.},
  volume = 65,
  year = 2005,
  pages= {2049--2066}
  }

@article{barnett-2014,
  title = {{Evaluation of layer potentials close to the boundary
    for Laplace and Helmholtz problems on analytic planar domains}},
  author = {A. Barnett},
  year = 2014,
  journal = {SIAM J. Sci. Comput.},
  volume = 36,
  pages = {A427--A451},
  }




@article{barnett_greengard,
  author = "Alexander Barnett and Leslie Greengard",
  title = "A new integral representation for quasi-periodic
                  scattering problems in two dimensions",
  journal = "{BIT} {N}umer. {M}ath.",
  volume = "51",
  number = {1},
  year = "2011",
  pages = "67--90"
}

@article{bay-2003,
  author = {F. Bay and V. Labbe and Y. Favennec and J. L. Chenot},
  title = {A numerical model for induction heating processes
          coupling electromagnetism and thermomechanics},
  journal = {Int. J. Num. Methods Engrg.},
  year = 2003,
  pages = {839--867}
  }

@article{berenger,
title = "Three-Dimensional Perfectly Matched Layer for the Absorption
                  of Electromagnetic Waves",		  
author = {J.-P. Berenger},
year = 1996,
journal = {J. Comput. Phys.},
volume = 127,
pages = {363--379}
}

@article{beylkin-2014,
  author = {D. Beylkin and V. Rokhlin},
  title = {Fitting a bandlimited curve to points in a plane},
  year = 2014,
  journal = {SIAM J. Sci. Comput.},
  pages = {A1048--A1070},
  volume = 36
  }

@article{bogaert-2014,
author = {I. Bogaert and  K. Cools and F. P. Andriulli and H. Bagci},
title = {{Low-Frequency Scaling of the Standard and Mixed Magnetic
                  Field and Muller Integral Equations}},
journal = {IEEE Trans. Antennas Propag.},
volume = 62,
year = 2014,
pages = {822--831}
}

@article{borges-2014,
  title = {Inverse obstacle scattering in two dimensions with
          multiple frequency data and multiple angles of incidence},
  author = {C. Borges and L. Greengard},
  year = 2015,
  journal = {SIAM J. Imaging Sci.},
  volume = 8,
  number = 1,
  pages = {280--298}
  }

@article{bossavit-1982,
  title = {A mixed {FEM-BIEM} method to solve 3-{D} eddy-current problems },
  author = {A. Bossavit and J.-C. Verite},
  year = {1982},
  pages = {431--435},
  journal = {IEEE Trans. Magn.},
  volume = 18
  }

@article{boubendir-2014,
  author = {Y. Boubendir and C. Turc},
  title = {Well-conditioned boundary integral equation formulations
     for the solution of high-frequency electromagnetic scattering problems},
  year = 2014,
  journal = {Comput. Math. Appl.},
  pages = {1772--1805},
  volume = 67
  }

@article{bouwkamp,
  author = {C. J. Bouwkamp and H. B. G. Casimir},
  title = {On multipole expansions in the theory of electromagnetic
           radiation},
  journal = {Physica XX},
  year = {1954},
  pages = {539--554}
}

@article{bremer-2015,
  author = {J. Bremer and A. Gillman and P.-G. Martinsson},
  title = {A high-order accelerated direct solver for integral
            equations on curved surfaces},
  journal = {BIT Num. Math.},
  year = 2015,
  volume = 55,
  pages = {367--397},
  url = {http://doi.org/10.1007/s10543-014-0508-y}
  }



@article{bremer,
  author={J. Bremer and Z. Gimbutas and V. Rokhlin},
  title={A nonlinear optimization procedure for generalized {G}aussian 
         quadratures},
  journal={SIAM J. Sci. Comput.},
  volume={32},
  number={4},
  pages={1761--1788},
  year={2010}
}




@article{bremer_2013,
  author = {J. Bremer and Z. Gimbutas},
  title = {On the numerical evaluation of singular integrals of
      scattering theory},
  journal = {J. Comput. Phys.},
  year = {2013},
  pages = {327--343},
  volume = 251
}



@article{bremer_2012c,
  author = {J. Bremer and Z. Gimbutas},
  title = {A {N}ystr\"om method for weakly singular integral operators
  on surfaces},
  journal = {J. Comput. Phys.},
  volume = 231,
  year = 2012,
  pages = {4885--4903}
  }



@article{bremer_2012,
  author = {J. Bremer},
  title = {On the {N}ystr\"om discretization of integral equations on
    planar curves with corners},
  journal = {Appl. Comput. Harm. Anal.},
  year = {2012},
  pages = {45--64},
  volume = 32
}

@article{bremer_2012b,
  author = {J. Bremer},
  title = {A fast direct solver for the integral equations of
    scattering theory on planar curves with corners},
  journal = {J. Comput. Phys.},
  volume = 231,
  pages = {1879--1899},
  year = 2012
}

@article{bremer_2010,
  author = {J. Bremer and V Rokhlin and I. Sammis},
  title = {Universal quadratures for boundary integral equations on 
    two-dimensional domains with corners},
  journal = {J. Comput. Phys.},
  year = {2010},
  pages = {8259--8280},
  volume = 229
}

@article{bremer_2010b,
  author = {J. Bremer and Z. Gimbutas and V. Rokhlin},
  title = {A nonlinear optimization procedure for generalized Gaussian
    quadratures},
  journal = {SIAM J. Sci. Comput.},
  year = 2010,
  pages = {1761--1788},
  volume = 32
}

@article{bremer_2010c,
  author = {J. Bremer and V. Rokhlin},
  title = {Efficient discretization of {L}aplace boundary integral 
    equations on polygonal domains},
  journal = {J. Comput. Phys.},
  volume = 229,
  year = 2010,
  pages = {2507â€“-2525}
}

@article{buffa_2002,
  title = {On traces for {$H(\text{curl},\Omega)$} in {Lipschitz}
    domains},
  journal = "J. Math. Anal. Appl.",
  volume = "276",
  number = "2",
  pages = "845 - 867",
  year = "2002",
  author = "A. Buffa and M. Costabel and D. Sheen"
}

@article{bruno_2009,
  author = {O. P. Bruno and J. Ovall and C. Turc},
  title = {A high-order integral algorithm for highly singular PDE
  solutions in {L}ipschitz domains},
  journal = {Computing},
  volume = 84,
  pages = {149--181},
  year = 2009
}

@article{candes-2009,
  author = {E. Candes and L. Demanet and L. Ying},
  title = {{A Fast Butterfly Algorithm for the Computation of
     Fourier Integral Operators}},
  journal = {SIAM Multiscale Model. Simul.},
  volume = 7,
  year = 2009,
  pages = {1727--1750}
  }


@book{cai,
  author = {Wei Cai},
  title = {Computational Methods for Electromagnetic Phenomena},
  year = {2013},
  publisher = {Cambridge University Press},
  address = {New York, NY}
}




@article{caiyu,
  author={W. Cai and T. J. Yu},
  title={{Fast Calculations of Dyadic Green's Functions for 
         Electromagnetic Scattering in a Multilayered Medium}},
  journal={J. Comput. Phys.},
  volume={165},
  number={1},
  year={2000},
  pages={1--21}
}


@article{coifman_2005,
  author = {R. R. Coifman and S. Lafon and A. B. Lee and
      M. Maggioni and B. Nadler and F. Warner and S. W. Zucker},
  title = {Geometric diffusions as a tool for harmonic analysis and
     structure definition of  data: {D}iffusion maps},
  journal = {Proc. Nat. Acad. Sci.},
  year = {2005},
  pages = {7426--7431},
  volume = 102
}



@book{cottrell,
title = "Isogeometric Analysis: Toward Integration of CAD and FEA",
author = {J. A. Cottrell and  T. J. R. Hughes and Y. Bazilevs },
year = 2009,
publisher = {Wiley},
address = {West Sussex, UK}
}




@article{cw_horoshenkov,
  author="S. N. Chandler-{W}ilde and K. V. Horoshenkov",
  title="Pad{\'e} approximants for the acoustical characteristics of
         rigid frame porous media",
  journal="J. {A}coust. {S}oc. {A}m.",
  volume="98",
  number="2",
  year="1995",
  pages="1119--1129"
}






@article{cw_hothersall,
  author="S. N. Chandler-{W}ilde and D. C. Hothersall",
  title="Efficient calculation of the {G}reen function for
         acoustic propagation above a homogeneous impedance plane",
  journal="J. {S}ound {V}ib.",
  volume="180",
  number="5",
  year="1995",
  pages="705--724"
}






@article{chandler-wilde,
  author="S. N. Chandler-{W}ilde",
  title="The impedance boundary value problem for 
         the {H}elmholtz equation in a half-plane ",
  journal="Math. {M}ethods {A}ppl. {S}ci.",
  volume="20",
  number={10},
  year="1997",
  pages="813--840"
}





@article{chandler-wilde-peplow,
  author={S. N. Chandler-Wilde and A. T. Peplow},
  title={{A boundary integral equation formulation for the Helmholtz 
         equation in a locally perturbed half-plane}},
  journal={J. Appl. Math. Mech.},
  volume={85},
  number={2},
  year={2005},
  pages={79--88}
}

@article{chen-1997,
  title = {Inverse scattering via {H}eisenberg's uncertainty principle},
  author = {Y. Chen},
  journal = {Inverse Problems},
  year = 1997,
  volume = 13,
  pages = {253--282}
  }

@article{cheng-2004,
  title = {{Fast, accurate integral equation methods for the analysis
          of photonic crystal fibers I: Theory}},
  author = {H. Cheng and W. Y. Crutchfield and M. Doery and L. Greengard},
  journal = {Optics Express},
  volume = 12,
  year = 2004,
  pages = {3791--3805}
  }


@article{wideband2d,
  author={H. Cheng and W. Y. Crutchfield and Z. Gimbutas and L. Greengard,
          J. Huang and V. Rokhlin and N. Yarvin and J. Zhao},
  title={Remarks on the implementation of the wideband {FMM} for the
          {H}elmholtz equation in two dimensions},
  journal={Contemp. Math.},
  volume={408},
  pages={99--110},
  year={2006}
}




@article{wideband3d,
  author = {Hongwei Cheng and William Y. Crutchfield and Zydrunas Gimbutas
             and Leslie Greengard and J. Frank Ethridge and Jingfang Huang
            and Vladimir Rokhlin and Norman Yarvin and Junsheng Zhao},
  title = {A wideband fast multipole method for the {H}elmholtz equation in
           three dimensions},
  journal = {J. Comput. Phys.},
  volume = {216},
  pages = {300--325},
  year = {2006},
  url = {http://dx.doi.org/10.1016/j.jcp.2005.12.001}
}




@article{cheng_2005,
  author = {H. Cheng and Z. Gimbutas and P.-G. Martinsson and V.
    Rokhlin},
  title = {On the compression of low rank matrices},
  journal = {SIAM J. Sci. Comput.},
  volume = 26,
  number = 4,
  pages = {1389--1404},
  year = 2005
}



@article{chernokozhin-2013,
  author = {E. V. Chernokozhin and A. Boag},
  title = {{Method of Generalized Debye Sources for the Analysis
               of Electromagnetic Scattering by Perfectly Conducting
	       Bodies With Piecewise Smooth Boundaries}},
  journal = {IEEE Trans. Antennas Propag.},
  volume = 61,
  year = 2013,
  pages = {2108--2115}
  }


@book{chew,
  author = {Wang Cho Chew},
  title = {Waves and Fields in Inhomogeneous Media},
  publisher = {IEEE Press},
  address = {Piscataway, NJ},
  year = {1990}
}
  


@article{Choquet1945,
  author = {G. Choquet},
  title = {Sur un type de transformation analytique g\'en\'eralisant
                  la repr\'esentation conforme et d\'efinie au moyen
                  de fonctions harmoniques},
  journal = {Bull. Sci. Math.},
  volume = {69},
  number = {2},
  year = {1945},
  pages = {156--165}
}






@article{coat1,
  author={Arnaud Coatanhay and Jean-Marc Conoir},
  title={Scattering near a plane interface using a generalized
        method of images approach},
  journal={J. Comput. Acoust.},
  volume={12},
  number={2},
  pages={233--256},
  year={2004}
}






@article{coat2,
  author={Arnaud Coatanhay and Jean-Marc Conoir},
  title={Scattering by an elastic cylinder embedded in a fluid
        sediment. Generalized method of images (GMI) approach},
  journal={Wave Motion},
  volume={44},
  number={2},
  pages={77--91},
  year={2006}
}






@book{colton_kress_inverse,
  author="David Colton and Rainer Kress",
  title={Inverse {A}coustic and {E}lectromagnetic {S}cattering {T}heory},
  publisher={Springer},
  address={New York, NY},
  year={2012}
}


@book{colton_kress,
  author="David Colton and Rainer Kress",
  title="Integral {E}quation {M}ethods in {S}cattering {T}heory",
  publisher="John Wiley \& Sons, Inc.",
  year="1983"
}



@article{contopanagos-2002,
  author = {Harry Contopanagos and Benjamin Dembart and Michael Epton
            and John J. Ottusch and Vladimir Rokhlin and John L. Visher
            and Stephen M. Wandzura},
  title = {Well-Conditioned Boundary Integral Equations for
        Three-Dimensional Electromagnetic Scattering},
  journal = {IEEE Trans. Antennas Propag.},
  pages = {1824--1830},
  volume = {50},
  number = {12},
  year = {2002}
}






@article{conway_cohl,
  author="John T. Conway and Howard S. Cohl",
  title="Exact {F}ourier expansion in cylindrical coordinates for the
         three-dimensional {H}elmholtz {G}reen function",
  journal="Z. {A}ngew. {M}ath. {P}hys.",
  volume="61",
  year="2010",
  pages="425--442"
}







@article{cools-2009,
  author = {K. Cools and F. P. Andriulli and F. Olyslager and E. Michielssen},
  title = {{Nullspaces of MFIE and Calderon Preconditioned EFIE 
        Operators Applied to Toroidal Surfaces}},
  journal = {IEEE Trans. Antennas Propag.},
  volume = {57},
  number = {10},
  year = {2009},
  pages = {3205--3215}
}

@article{costabel_2000,
  author = {M. Costabel and M. Dauge},
  title = {Singularities of {E}lectromagnetic {F}ields in {P}olyhedral
    {D}omains},
  journal = {Arch. Rational Mech. Anal.},
  volume = 151,
  year = 2000,
  pages = {221--276}
}


@article{coulier_2015,
  author = {P. Coulier and H. Pouransari and E. Darve},
  title = {The inverse fast multipole method: using a fast approximate
                  direct solver as a preconditioner for dense linear
                  systems},
  year = 2015,
  note = {arXiv:1508.01835 [math.NA]}
}






@article{cui_chew_98,
  author="Cui, T. J. and Chew, W. C.",
  year="1998",
  title="Efficient evaluation of {S}ommerfeld integrals for {TM}
         wave scattering by buried objects",
  journal="J. {E}lectr. {W}aves {A}ppl.",
  volume="12",
  pages="607--657"
}

@book{dauge_1988,
  author = {M. Dauge},
  title = {Elliptic Boundary Value Problems in Corner Domains â€“
    Smoothness and Asymptotics of Solutions},
  year = 1988,
  publisher = {Springer-Verlag},
  address = {Berlin}
}






@article{debye-1909,
  author = {P. Debye},
  title = {Der Lichtdruck auf Kugeln von beliebigen Material},
  journal = {Ann. Phys. (Leipzig)},
  volume = {30},
  year = {1909},
  pages = {57}
}







@article{devaney-1974,
  author = {A. J. Devaney and E. Wolf},
  title = {Multipole expansions and plane wave representations of the
              electromagnetic field},
  journal = {J. Math. Phys.},
  volume = {15},
  number = {2},
  year = {1974},
  pages = {234--244}
}






@article{dejong,
    title = "Propagation of sound over grassland and over an earth barrier",
    journal = "J. {S}ound {V}ib.",
    volume = "86",
    number = "1",
    pages = "23 - 46",
    year = "1983",
    note = "",
    issn = "0022-460X",
    doi = "10.1016/0022-460X(83)90941-0",
    url = "http://www.sciencedirect.com/science/article/pii/0022460X83909410",
    author = "B.A. de Jong and A. Moerkerken and J.D. van der Toorn"
}






@article{digilbert,
  author="X. Di and K.E. Gilbert",
  title={An exact {L}aplace transform formulation for a point 
          source above a ground surface},
  journal="J. {A}coust. {S}oc. {A}mer.",
  volume="93",
  number={2},
  year="2000",
  pages="714--720"
}






@article{dinapoli,
  author="F. Di{N}apoli and R. Deavenport",
  title="Theoretical and numerical {G}reen's function field solution in a 
  plane multilayered medium",
  journal="J. {A}coust. {S}oc. {A}mer.",
  number={1},
  volume="67",
  year="1980",
  pages="92--105"
}

@article{donepudi-2001,
  author = {K. C. Donepudi and J. M. Jin and S. Velamoarambil and
       J. M. Song and W. C. Chew},
  title = "A higher-order parallelized multilevel fast multipole
       algorithm for 3D scattering",
  journal = {IEEE Trans. Antennas Propag.},
  volume = 49,
  pages = {1078--1078},
  year = 2001} 



@article{nedelec-impedance,
  author="Mario Dur\'an and Ricardo Hein and Jean-Claude Nedelec",
  title={Computing numerically the {G}reen's function 
         of the half-plane {H}elmholtz operator with impedance 
         boundary conditions},
  journal="Numer. {M}ath.",
  volume="107",
  number={2},
  year={2007},
  pages={295--314}
}




@article{duran-2009,
  author = {Mario Dur\'an and Ignacio Muga and Jean-Claude N\'ed\'elec},
  title = {The Helmholtz Equation in a Locally Perturbed Half-Space with
      Non-Absorbing Boundary},
  journal = {Arch. Rational Mech. Anal.},
  volume = {191},
  year = {2009},
  pages = {143--172}
}





@article{epstein-2013,
  author = {Charles L. Epstein and Zydrunas Gimbutas and Leslie
               Greengard and Andreas Kl\"ockner and Michael O'Neil},
  title = {A consistency condition for the vector potential in
           multiply-connected domains},
  journal = {IEEE Trans. Magn.},
  volume = {49},
  number = {3},
  year = {2013},
  pages = {1072--1076}
}






@article{EpGr,
  author="Charles L. Epstein and Leslie Greengard",
  title="Debye sources and the numerical solution of the time
         harmonic {M}axwell equations",
  journal="Commun. Pure Appl. Math.",
  volume="63",
  number="4",
  year="2010",
  pages="413--463"
}







@article{EpGrOn,
  author={Charles L. Epstein and Leslie Greengard and Michael O'Neil},
  title={Debye sources and the numerical solution of the time
         harmonic {M}axwell equations {II}},
  journal={Commun. Pure. Appl. Math.},
  volume = {66},
  number = {5},
  year = {2013},
  pages = {753--789}
}




@article{EpGrOn2,
  author={Charles L. Epstein and Leslie Greengard and Michael O'Neil},
  title={{Debye Sources, Beltrami Fields, and a Complex Structure on
                  Maxwell Fields}},
  journal={Commun. Pure. Appl. Math.},
  volume = 68,
  pages = {2237--2280},
  year =2015
}

@article{ergin-1999,
  author = {A. A. Ergin and B. Shanker and E. Michielssen},
  title = {{The Plane-Wave Time-Domain Algorithm for the Fast Analysis
            of Transient Wave Phenomena}},
  year = 1999,
  journal = {IEEE Antennas Propag. Mag.},
  volume = 41,
  pages = {39--52}
  }

@ARTICLE{fabes_1977,
    author = "E. Fabes and Max Jodeit Jr. and Jeff Lewis",
     title = "Double Layer Potentials for Domains with Corners and Edges",
   journal = "Indiana Univ. Math. J.",
    volume = 26,
      year = 1977,
     number = 1,
     pages = "95--114",
}

@article{fabes_1978,
  author = {E.B. Fabes and M.~Jodeit~Jr. and N.~M.~Rivi\`ere},
  title = {Potential techniques for boundary value problems on
    {$\mathcal C^1$}-domains},
  journal = {Acta Math.},
  year = 1978,
  pages = {165--186},
  volume = 141,
  number = 1
}

@book{frankel,
  author = {T. Frankel},
  title = {The Geometry of Physics},
  year = 2011,
  publisher = {Cambridge University Press},
  address = {New York, NY}
  }


@article{gemmrich_2008,
  author = {S. Gemmrich and N. Nigam and O. Steinbach},
  title = {Boundary integral equations for the {L}aplace-{B}eltrami
      operator},
  journal = {Mathematics and Computation, a Contemporary View},
  publisher = {Springer Berlin Heidelberg},
  year = 2008,
  pages = {21--37}
}


@article{geng-2000,
  author = {Norbert Geng and Anders Sullivan and Lawrence Carin},
  title = {Multilevel Fast-Multipole Algorithm for Scattering from
           Conductive Targets Above or Embedded in a Lossy Half Space},
  journal = {IEEE Trans. Geosci. Remote Sens.},
  year = {2000},
  pages = {1561--1573},
  volume = {38},
  number = {4}
}



@article {gmsh,
author = {C. Geuzaine and J.-F. Remacle},
title = {Gmsh: {A} 3-{D} finite element mesh generator with built-in
            pre- and post-processing facilities},
journal = {Int. J. Num. Methods Engrg.},
volume = {79},
pages = {1309--1331},
year = {2009},
}



@misc{gg_software,
  author="Z. Gimbutas and L. Greengard",
  title="{FMMLIB2D}",
  note="v. 1.2, available at www.cims.nyu.edu/cmcl",
  month="April",
  year="2012"
}



@misc{gg3_software,
  author="Z. Gimbutas and L. Greengard",
  title="{FMMLIB3D}",
  note="v. 1.2, available at www.cims.nyu.edu/cmcl",
  month="April",
  year="2012"
}





@article{gimbutas-2013,
  author = {Zydrunas Gimbutas and Leslie Greengard},
  title = {{Fast multi-particle scattering: A hybrid solver for the
          Maxwell equations in microstructured materials}},
  journal = {J. Comput. Phys.},
  year = {2013},
  volume = {232},
  number = {1},
  pages = {22--32}
}

@article{greengard-1987,
  author = {L. Greengard and V. Rokhlin},
  journal = {J. Comput. Phys.},
  year = 1987,
  pages = {325--348},
  volume = 73,
  title = {{A Fast Algorithm for Particle Simulations}}
  }


@incollection{greengard-1988,
author={L. Greengard and V. Rokhlin},
year={1988},
booktitle={Vortex Methods},
volume={1360},
series={{Lecture Notes in Mathematics}},
editor={C. Anderson and C. Greengard},
title={The rapid evaluation of potential fields in three dimensions},
publisher={Springer Berlin Heidelberg},
pages={121--141}
}

@article{greengard-1991,
  author = {L. Greengard and J. Strain},
  title = {{The Fast Gauss Transform}},
  year = 1991,
  pages = {79--94},
  journal = {SIAM J. Sci. Stat. Comput.},
  volume = 12
  }

@article{greengard-1997,
  author = {L. Greengard and V. Rokhlin},
  title =  {{A new version of the Fast Multipole Method for the
         Laplace equation in three dimensions}},
  journal = {Acta Numerica},
  volume = 6,
  pages = {229--269},
  year = 1997
  }

@article{greengard-2009,
  author = {L. Greengard and D. Gueyffier and P.-G. Martinsson
      and  V. Rokhlin},
  title = {{Fast direct solvers for integral equations in
           complex three-dimensional domains}},
  journal = {Acta Numerica},
  volume = 18,
  pages = {243--275},
  year = 2009
  }

@article{greengard-huang,
  author = {Leslie Greengard and Jingfang Huang},
  journal = {J. Comput. Phys.},
  title = {A New Version of the Fast Multipole Method for Screened
            Coulomb Interactions in Three Dimensions},
  volume = {180},
  year = {2002},
  pages = {642--658}
}






@article{greengard_huang_etc,
  author={Leslie Greengard and Jingfang Huang and Vladimir Rokhlin and
          Stephen Wandzura},
  title="{Accelerating Fast Multipole Methods for the Helmholtz Equation
          at Low Frequencies}",
  journal="IEEE {C}omput. {S}ci. {E}ng.",
  volume="5",
  number="3",
  year="1998",
  pages="32--38"
}

@book{guenther_lee,
  title = {{Partial Differential Equations of Mathematical Physics and
    Integral Equations}},
  year = 1996,
  publisher = {Dover},
  author = {R. B. Guenther and J. W. Lee}
}


@ARTICLE{guo-2013,
author={H. Guo and J. Hu and E. Michielssen},
journal={IEEE. Antennas Wireless Propag. Lett.},
title={{On MLMDA/Butterfly Compressibility of Inverse Integral Operators}},
year={2013},
volume={12},
pages={31--34}
}

@article{hallerod-2005,
  author = {T. Haller{\"o}d and D. Ericsson and A. Bondeson},
  title = {Shape and material optimization using gradient methods
      and the adjoint problem in time and frequency domain},
  journal = {COMPEL},
  volume = {24},
  pages = {882--892},
  year = {2005}
}

@article{hao_2014,
  author={S. Hao and A. H. Barnett and P.-G. Martinsson and P. Young},
  title={High-order accurate {N}ystrom discretization of integral 
         equations with weakly singular kernels on smooth 
         curves in the plane},
  journal={Adv. Comput. Math.},
  volume=40,
  year= 2014,
  pages = {245--272}
}

@article{hao-2015,
  author = {S. Hao and P.-G. Martinsson and P. Young},
  title = {An efficient and highly accurate solver for multi-body
             acoustic scattering problems involving rotationally
	     symmetric scatterers},
  journal = {Comput. Math. Appl.},
  note = {To appear.},
  year = 2015
  }

@article{helsing,
  author={J. Helsing and R. Ojala},
  title={{C}orner singularities for elliptic problems: {I}ntegral equations, 
         graded meshes, quadrature, and compressed inverse preconditioning},
  journal={J. Comput. Phys.},
  volume={227},
  number={20},
  pages={8820--8840},
  year={2008}
}



@article{helsing_2011,
  author = {J. Helsing},
  title = {A fast and stable solver for singular integral equations 
    on piecewise smooth curves},
  journal = {SIAM J. Sci. Comput.},
  volume = 33,
  year = 2011,
  pages = {153--174}
}

@article{helsing_2011b,
  author = {J. Helsing},
  title = {The effective conductivity of random checkerboards},
  journal = {J. Comput. Phys.},
  volume = 230,
  year = 2011,
  pages = {1171--1181}
}

@article{helsing_2014,
  author = {J. Helsing and A. Karlsson},
  title = {An explicit kernel-split panel-based {N}ystr\"om
    scheme for integral equations on axially symmetric surfaces},
  journal = {J. Comput. Phys.},
  volume = 272,
  pages = {686--703},
  year = 2014
}

@article{helsing_2014b,
  year={2014},
  issn={1019-7168},
  journal={Advances in Computational Mathematics},
  doi={10.1007/s10444-014-9383-y},
  title={Variants of an explicit kernel-split panel-based {N}ystr\"om 
    discretization scheme for {H}elmholtz boundary value problems},
  url={http://dx.doi.org/10.1007/s10444-014-9383-y},
  publisher={Springer US},
  keywords={Integral equation; NystrÃ¶m discretization; Helmholtz equation; Singular kernel; High-order quadrature; 65R20; 65N38; 35J05},
  author={Helsing, Johan and Holst, Anders},
  pages={1-18},
  language={English}
}

@article{ho-2012,
  author = {K. L. Ho and L. Greengard},
  title = {{A fast direct solver for structured linear systems
              by recursive skeletonization}},
  journal = {SIAM J. Sci. Comput.},
  volume = 34,
  pages = {A2507--A2532},
  year = 2012
  }

@article{ho-2014,
  author = {K. L. Ho and L. Ying},
  title = {Hierarchical interpolative factorization for
       elliptic operators: Integral equations},
  journal = {Comm. Pure Appl. Math.},
  year = {2015},
  note = {To appear.}
  }

@article{hochmann,
  author="Amit Hochmann and Yehuad Leviatan",
  title="A numerical methodology for efficient evaluation of {2D} {S}ommerfeld 
         integrals in the dielectric half-space problem",
  journal="IEEE {T}rans. Antennas and Propagation",
  volume="58",
  number={2},
  year="2010",
  pages="413--431"
}





@book{jackson,
  author={J. D. Jackson},
  title={Classical Electrodynamics},
  publisher={Wiley},
  address={New York, NY},
  year={1999},
  edition={3rd}
}





@book{jin-2010,
  author = {Jian-Ming Jin},
  title = {Theory and Computation of Electromagnetic Fields},
  publisher = {IEEE Press},
  year = {2010},
  address = {Piscataway, NJ}
}


@article{kamon-1994,
  author = {M. Kamon and M. J. Tsuk and J. K. White},
  title = {{FASTHENRY}: a multipole-accelerated 3-D inductance
      extraction program},
  journal = {IEEE Trans. Microw. Theory Techn.},
  year = 1994,
  volume = 42,
  pages = {1750--1758}
  }



@article{kapur,
  author={S. Kapur and V. Rokhlin},
  title={High-order corrected trapezoidal quadrature rules 
         for singular functions},
  journal={SIAM J. Numer. Anal.},
  volume={34},
  number={4},
  pages={1331--1356},
  year={1997}
}

@article{kapur-1998,
  author = {S. Kapur and D. E. Long},
  title = {{IES3: Efficient Electrostatic and Electromagnetic Simulation}},
  journal = {Comput. Sci. \& Engrg.},
  pages = {60-67},
  year = {1998}
  }

@article{keller_1951,
  author = {J. B. Keller and A. Blank},
  title = {Diffraction and reflection of pulses by wedges and
    corners},
  journal = {Comm. Pure Appl. Math.},
  volume = 4,
  number = 1,
  pages = {75--94},
  year = 1951
}



@book{kellogg,
  author="Oliver Dimon Kellogg",
  title="Foundations of Potential Theory",
  year="1954",
  publisher="Dover Publications, Inc.",
  address="New York, New York"
}

@article{klockner_2013,
  author={Andreas Kl{\"o}ckner and Alexander Barnett and Leslie Greengard
          and Michael O'Neil},
  title={Quadrature by {E}xpansion: {A} new method for the evaluation of
     layer potentials},
  journal = {J. Comput. Phys.},
  volume = 252,
  year = 2013,
  pages = {332--349}
}

@article{klockner_2013b,
  author = {C. L. Epstein and A. Klo\"ockner and L. Greengard},
  title = {{On the Convergence of Local Expansions of Layer Potentials}},
  journal = {SIAM J. Num. Anal.},
  year = 2013,
  volume = 51,
  pages = {2660--2679}
  }





@article{koh,
  author={Il-Suek Koh and Jong-Gwan Yook},
  title={{Exact Closed-Form Expression of a Sommerfeld
          Integral for the Impedance Plane Problem}},
  journal={IEEE Trans. Antennas and Propagation},
  volume={54},
  number={9},
  year={2006},
  pages={2568--2576}
}





@article{kolm,
  author={P. Kolm and V. Rokhlin},
  title={Numerical quadratures for singular and hypersingular integrals},
  journal={Comput. Math. Appl.},
  volume={41},
  number={3--4},
  year={2001},
  pages={327--352}
}





@article{kress1,
  author="Rainer Kress",
  title="On an exterior boundary-value problem for the time-harmonic
         {M}axwell equations with boundary conditions for the normal
         components of the electric and magnetic field",
  journal="Math. {M}eth. {A}ppl. {S}ci.",
  volume="8",
  number="1",
  year="1986",
  pages="77--92"
}



@article{kress_1990,
  author = {R. Kress},
  title = {A {N}ystr\"om method for boundry integral equations 
    in domains with corners},
  journal = {Numer. Math.},
  volume = 58,
  year = 1990,
  pages = {145-â€“161}
}

@article{li-2015,
  author = {Y. Li and H. Yang and E. Martin and K. L. Ho and L. Ying},
  title = {Butterfly Factorization},
  year = 2015,
  journal = {Multiscale Model. Simul.},
  volume = 13,
  number = 2,
  pages = {714--732}
  }


@article{lindell1,
  author={I. V. Lindell and E. Alanen},
  title={{Exact Image Theory for the Sommerfeld Half-Space Problem,
          Part I: Vertical Magnetic Dipole}},
  journal={IEEE Trans. Antennas Propag.},
  volume={32},
  number={2},
  year={1984},
  pages={126--133}
}




@article{lindell2,
  author =       {I. V. Lindell and E. Alanen},
  title =        {{Exact Image Theory for the Sommerfeld Half-Space
                  Problem, Part II: Vertical Electric Dipole}},
  journal =      {IEEE Trans. Antennas Propag.},
  volume =       {32},
  number =       {8},
  year =         {1984},
  pages =        {841--847}
}





@article{lindell3,
  author =       {I. V. Lindell and E. Alanen},
  title =        {{Exact Image Theory for the Sommerfeld Half-Space
                  Problem, Part III: General Formulation}},
  journal =      {IEEE Trans. Antennas Propag.},
  volume =       {32},
  number =       {10},
  year =         {1984},
  pages =        {1027--1032}
}

@article{martinsson-2005,
  author = {P.-G. Martinsson and V. Rokhlin},
  title = {{A fast direct solver for boundary integral equations
       in two dimensions}},
  journal = {J. Comput. Phys},
  year = 2005,
  pages = {1--23},
  volume = 205
  }




@article{michalski-1997,
  author = {Krzysztof A. Michalski and Juan R. Mosig},
  title = {Multilayered Media Green's Functions in Integral Equation
             Formulations},
  journal = {IEEE Trans. Antennas Propag},
  year = {1997},
  volume = {45},
  number = {3},
  pages = {508--519}
}

@article{michielssen-1996,
  author = {E. Michielssen and A. Boag},
  year = 1996,
  title = {A multilevel matrix decomposition algorithm for
       analyzing scattering from large structures },
  journal = {IEEE Trans. Antennas Propag.},
  volume = 44,
  pages = {1086--1093}
  }




@article{mie-1908,
  author = {G. Mie},
  title = {Beitr\"{a}ge zur Optik tr\"{u}ber Medien, 
          speziell kolloidaler Metall\"{o}sungen},
  journal = {Ann. Phys. (Leipzig)},
  volume = {25},
  year = {1908},
  pages = {377}
}

@article{minden-2015,
  author = {V. Minden and A. Damle and K. L. Ho and L. Ying},
  title = {A technique for updating hierarchical factorizations
         of integral operators},
  note = {arXiv:1411.5706 [math.NA]},
  year = 2015
  }



@article{moffatt,
  author={H. K. Moffatt},
  title={The degree of knottedness of tangled vortex lines},
  journal={J. Fluid Mech.},
  year = {1969},
  volume = {35},
  pages = {117--129}
}  




@book{m+f,
  author={Philip Morse and Herman Feshbach},
  title={Methods of Theoretical Physics},
  year={1953},
  publisher={McGraw-Hill},
  address = {New York, NY}
}







@book{muller,
  author="C. M{\"u}ller",
  title="Foundations of the {M}athematical {T}heory of {E}lectromagnetic
         {W}aves",
  publisher="Springer-Verlag",
  address="Berlin, Heidelberg",
  year="1969"
}





@book{nedelec,
  author={J.-C. Nedelec},
  title={{Acoustic and Electromagnetic Equations}},
  publisher = {Springer},
  address={New York, NY},
  year = 2001
}

@phdthesis{oneil-2007,
  author = {M. O'Neil},
  title = {An algorithm for the rapid evaluation of special
       function transforms},
  school = {Yale University},
  year = 2007,
  address = {New Haven, CT}
  }

@article{oneil-2010,
  author = {M. O'Neil and F. Woolfe and V. Rokhlin},
  title = {An algorithm for the rapid evaluation of special
       function transforms},
  year = 2010,
  journal = {Appl. Comput. Harm. Anal.},
  volume = 28,
  pages = {203--226}
  }



@article{oneil-imped,
  author = {Michael O'Neil and Leslie Greengard and Andras Pataki},
  title = {On the efficient representation of the half-space impedance
                  {G}reen's function for the {H}elmholtz equation},
  journal = {Wave Motion},
  year = {2014},
  pages = {1--13},
  volume = 51
}




@article{epstein_2016,
  author = {C. L. Epstein and M. O'Neil},
  title = {Smoothed corners and scattered waves},
  journal = {SIAM J. Sci. Comput.},
  volume = 38,
  pages = {A2665--A2698},
  year = 2016
  }





@article{ochmann,
  author="Martin Ochmann",
  title="The complex equivalent source method for sound propagation 
over an impedance plane ",
  journal="J. {A}coust. {S}oc. {A}mer.",
  volume="116",
  number={6},
  year="2004",
  pages="3304--3311"
}










@article{oh-1994,
  author = {Kyung Suk Oh and Dmitri Kuznetsov and Jose E.
       Schutt-Aine},
  title = {Capacitane Computations in a Multilayered Dielectric
            Medium Using Closer-Form Spatial Green's Functions},
  journal = {IEEE Trans. Microw. Theory Techn.},
  year = {1994},
  volume = {42},
  number = {8},
  pages = {1443--1453}
}





@book{nist,
  author = {Frank W. Olver and Daniel W. Lozier and Ronald F. Boisvert and
             Charles W. Clark},
  title = {NIST Handbook of Mathematical Functions},
  year = {2010},
  isbn = {0521140633, 9780521140638},
  edition = {1st},
  publisher = {Cambridge University Press},
  address = {New York, NY, USA},
} 





@article{oneil,
  author={M. O'Neil and F. Woolfe and V. Rokhlin},
  title={An algorithm for the rapid evaluation of special function transforms},
  journal={Appl. Comput. Harmon. Anal.},
  volume={41},
  number={2},
  pages={203--226},
  year={2010}
}





@article{oneil-sifuentes,
  author={Michael O'Neil and Josef Sifuentes},
  title={Acoustic scattering in three dimensions with half-space
                  impedance boundary conditions},
  note={In preparation}
}

@article{pan-2012,
  author = {X.-M. Pan and W.-C. Pi and M.-L. Yang and Z. Peng
      and X.-Q. Sheng},
  title = {{Solving Problems With Over One Billion Unknowns by the MLFMA }},
  year = 2012,
  journal = {IEEE Trans. Antennas Propag.},
  volume = 60,
  pages = {2571--2574}
  }




@article{qian-2009,
  author = {Zhi-Guo Qian and Weng Cho Chew},
  title = {Fast Full-Wave Surface Integral Equation Solver 
         for Multiscale Structure Modeling},
  journal = {IEEE Trans. Antennas Propag.},
  year = {2009},
  volume = {57},
  number = {11},
  pages = {3594--3601}
}







@book{papas,
  author={C. H. Papas},
  title={Theory of Electromagnetic Wave Propagation},
  publisher={Dover},
  address={New York, NY},
  year={1988}
}






@article{pawliuk,
  author={Peter Pawliuk and Matthew Yedlin},
  title={{Scattering From Cylinders Near a Dielectric Half-Space
            Using a General Method of Images}},
  journal={IEEE Trans. Antennas and Propagation},
  volume={60},
  number={11},
  pages={5296--5304},
  year={2012}
}




@book{pommerenke,
  author = {C. Pommerenke},
  title = {Univalent functions},
  publisher = {Vandenhoeck \& Ruprecht},
  address = {G\"ottingen},
  year = {1975}
}

@article{poulson-2015,
  author = {J. Poulson and L. Demanet and N. Maxwell and L. Ying},
  title = {A parallel butterfly algorithm},
  journal = {SIAM J. Sci. Comput.},
  year = 2014,
  volume = 36,
  pages = {C49--C65}
  }



@article{rachh_2016,
  author = {M. Rachh and A. Kl\"ockner and M. O'Neil},
  title = {Fast algorithms for {Q}uadrature by {E}xpansion {I}:
      {G}lobally valid expansions},
  year = 2017,
  note = {To appear},
  journal = {J. Comput. Phys.}
  }


@article{rao-1982,
  author = {S. M. Rao and D. Wilton and A. W. Glisson},
  title = {Electromagnetic scattering by surfaces of arbitrary shape},
  year = 1982,
  pages = {409--418},
  volume = 30,
  journal = {IEEE Trans. Antennas Propag.}
  }

@book{riesz-1990,
  author = {F. Riesz and B. S.-Nagy},
  title = {Functional {A}nalysis},
  year = 1990,
  publisher = {Dover},
  address = {New York, NY}
  }
  

@article{rokhlin,
  author="V. Rokhlin",
  title="{Rapid Solution of Integral Equations of Scattering Theory
          in Two Dimensions}",
  journal="J. Comput. Phys.",
  volume="86",
  number={2},
  year="1990",
  pages="414--439"
}



@article{saad-1986,
author = {Y. Saad and M. H. Schultz},
title = {{GMRES: A Generalized Minimal Residual Algorithm
       for Solving Nonsymmetric Linear Systems}},
journal = {SIAM J. Sci. Stat. Comput.},
volume = {7},
pages = {856--869},
year = {1986}
}






@article{sarabandi,
  author={Kamal Sarabandi and Il-Suek Koh},
  title="{Fast Multipole Representation of Green's Function for an
          Impedance Half-Space}",
  journal="IEEE {T}rans. Antennas and Propagation",
  volume="52",
  number="1",
  month="January",
  year="2004",
  pages="296--301"
}


@book{schilders,
editor = {W. H. A. Schilders and H. A. van der Vorst and J. Rommes},
title ="Model Order Reduction: Theory, Research Aspects and Applications",
publisher = {Springer},
address = {Berlin},
year = 2008
}



@article{sifuentes_2015,
  title = {Randomized methods for rank-deficient linear systems},
  author = {J. Sifuentes and Z. Gimbutas and L. Greengard},
  year = 2015,
  volume = 44,
  journal = {Elec. Trans. Num. Anal.},
  pages = {177--188}
  }



@article{sommerfeld,
  author="A. Sommerfeld",
  title="Uber die ausbreitung der wellen in der drahtlosen telegraphie",
  journal="Ann. {P}hys. {L}eipzig",
  volume="28",
  year="1909",
  pages="665--737"
}




@article{song-1995,
  author = {J. M. Song and W. C. Chew},
  title = {Multilevel Fast-Multipole Algorithm for Solving 
     Combined Field Integral Equations of Electromagnetic Scaterring},
  journal = {Microw. Opt. Techn. Let.},
  year = {1995},
  pages = {14--19},
  volume = {10},
  number = {1}
}





@article{stratton,
  author = {Julius Adams Stratton},
  title = {Electromagnetic {T}heory},
  publisher = {IEEE Press},
  year = {2007},
  address = {Piscataway, NJ}
}





@article{taraldsen,
  author="Gunnar Taraldsen",
  title="The complex image method",
  journal="Wave Motion",
  volume="43",
  number={1},
  year="2005",
  pages="91--97"
}





@article{taskinen-2006,
  author = {M. Taskinen and P. Yla-Oijala},
  title = {Current and charge Integral equation formulation},
  year = {2006},
  journal = {IEEE Trans. Antennas Propag.},
  volume = {54},
  number = {1},
  pages = {58--67}
}






@article{thomson-1975,
  author = {D. J. Thomson and J. T. Weaver},
  title = {The Complex Image Approximation for Induction in a
          Multilayered Earth},
  journal = {J. Geophys. Res.},
  year = {1975},
  pages = {123--129},
  volume = {80},
  number = {1}
}

@article{tornberg-2008,
  author = {A.-K. Tornberg and L. Greengard},
  title = {{A fast multipole method for the three-dimensional
         Stokes equations}},
  year = 2008,
  pages = {1613--1619},
  journal = {J. Comput. Phys.},
  volume = 227
  }

@article{tygert-2010,
  author = {M. Tygert},
  title = {Fast algorithms for spherical harmonic expansions, {III}},
  journal = {J. Comput. Phys.},
  volume = {229},
  pages = {6181--6192},
  year = 2010
  }

@article{valdes-2011,
author = {F. Valdes and  F. P. Andriulli and K. Cools and E. Michielssen},
title = {{High-Order Div- and Quasi Curl-Conforming Basis Functions
         for Calderon Multiplicative Preconditioning of the EFIE}},
journal = {IEEE Trans. Antennas Propag.},
volume = 59,
year = 2011,
pages = {1321--1337}
}




@book{vanbladel,
  author = {J. Van Bladel},
  title = {Electromagnetic Fields},
  publisher = {McGraw-Hill Book Company},
  address = {New York, NY},
  year = {1964}
}





@article{vanderpol,
  author="Balthazar {Van der Pol}",
  title="Theory of the reflection of the light from a point
         source by a finitely conducting flat mirror, with an 
         application to radiotelegraphy",
  year="1935",
  journal="Physica",
  volume="2",
  number="1--12",
  pages="843--853"
}

@article{verchota_1984,
  author = {G. Verchota},
  title = {Layer potentials and boundary value problems for 
    Laplace's equation in Lipschitz domains},
  journal = {J. Funct. Anal.},
  year = 1984,
  volume = 59,
  pages = {572--611}
}



@article{vico-2013,
  author = {Felipe Vico and Zydrunas Gimbutas and Leslie Greengard
           and Miguel Ferrando-Bataller},
  title = {Overcoming Low-Frequency Breakdown of the Magnetic Field
           Integral Equation},
  journal = {IEEE Trans. Antennas Propag.},
  year = {2013},
  pages = {1285--1290},
  volume = {61},
  number = {3}
}




@article{vico_2014,
  author = {F. Vico and L. Greengard and Z. Gimbutas},
  title = {Boundary integral equation analysis on the sphere},
  journal = {Numer. Math.},
  year = 2014,
  pages = {463--487},
  volume = 128
  }



@article{vico_2016,
  author = {F. Vico and M. Ferrando and L. Greengard and Z. Gimbutas},
  title = {{The Decoupled Potential Integral Equation for Time-Harmonic
                  Electromagnetic Scattering}},
  year = 2016,
  journal = {Comm. Pure Appl. Math.},
  pages = {771--812},
  volume = 69
  }






@article{vioreanu_2014,
  author = {B. Vioreanu and V. Rokhlin},
  title = {{Spectra of Multiplication Operators as a Numerical Tool}},
  year = 2014,
  pages = {A267--A288},
  journal = {SIAM J. Sci. Comput.},
  volume = 36
  }
  








@article{weyl,
  author="H. Weyl",
  title="Ausbreitung elektromagnetischer wellen uber einem ebenen Leiter ",
  journal="Ann. {P}hys. {L}eipzig",
  volume="60",
  year="1919",
  pages="481--500"
}

@article{werner,
author = {P. Werner},
title = "On an integral equation in electromagnetic diffraction theory",
journal = {J. Math. Anal. Appl.},
volume = 14,
year = 1966,
pages = {445--462}
}

@article{wilcox,
  author = {Calvin H. Wilcox},
  title = {Debye Potentials},
  journal = {J. Math. Mech.},
  volume = {6},
  number = {2},
  year = {1957},
  pages = {167--201}
}

@article{yarvin_1998,
  author = {N. Yarvin and V. Rokhlin},
  title = {Generalized {G}aussian quadratures and singular value
    decompositions of integral operators},
  journal = {SIAM J. Sci. Comput.},
  volume = 20,
  year = 1998,
  pages = {699--718}
}


@article {young,
    AUTHOR = {Young, P. and Hao, S. and Martinsson, P.-G.},
     TITLE = {A high-order {N}ystr\"om discretization scheme for boundary
              integral equations defined on rotationally symmetric surfaces},
   JOURNAL = {J. Comput. Phys.},
  FJOURNAL = {Journal of Computational Physics},
    VOLUME = {231},
      YEAR = {2012},
    NUMBER = {11},
     PAGES = {4142--4159}
}
